%
% This is file `coppe.bib'.
%
% Bibliographic references for the documentation.
%
% Copyright (C) 2011 CoppeTeX Project and any individual authors listed
% elsewhere in this file.
%
% This program is free software; you can redistribute it and/or modify
% it under the terms of the GNU General Public License version 3 as
% published by the Free Software Foundation.
%
% This program is distributed in the hope that it will be useful,
% but WITHOUT ANY WARRANTY; without even the implied warranty of
% MERCHANTABILITY or FITNESS FOR A PARTICULAR PURPOSE. See the
% GNU General Public License version 3 for more details.
%
% You should have received a copy of the GNU General Public License
% version 3 along with this package (see COPYING file).
% If not, see <http://www.gnu.org/licenses/>.
%
% $URL: https://coppetex.svn.sourceforge.net/svnroot/coppetex/trunk/coppe.bib $
% $Id: coppe.bib 118 2008-10-18 14:17:06Z helano $
%
% Author(s): Vicente H. F. Batista
%            George O. Ainsworth Jr.
%

%%%%%%%%%%%%%%%%%%%%%%%%%%%%%%%%%%%%%%%%%%
%%%%%%%%%%%%%%%%%%%%%%%%%%%%%%%%%%%%%%%%%%
%%%%%%%%%%%%%%%%%%%%%%%%%%%%%%%%%%%%%%%%%%
% MY PUBLICATIONS %%%%%%%%%%%%%%%%%%%%%%%
%%%%%%%%%%%%%%%%%%%%%%%%%%%%%%%%%%%%%%%%%%
%%%%%%%%%%%%%%%%%%%%%%%%%%%%%%%%%%%%%%%%%%
%%%%%%%%%%%%%%%%%%%%%%%%%%%%%%%%%%%%%%%%%%

@inproceedings{Souza2015Parallel,
	location = {Salt Lake City, {USA}},
	title = {Parallel Execution of Workflows Driven by a Distributed Database Management System},
	url = {http://sc15.supercomputing.org/sites/all/themes/SC15images/tech_poster/tech_poster_pages/post284.html},
	pages = {1--3},
	booktitle = {{ACM}/{IEEE} International Conference for High Performance Computing, Networking, Storage, and Analysis ({SC})},
	author = {Souza, Renan and Silva, Vítor and Oliveira, Daniel and Valduriez, Patrick and Lima, Alexandre A. B. and Mattoso, Marta},
	year = {2015}
}

@inproceedings{Silva2016Integrating,
	location = {Salt Lake City, {USA}},
	title = {Integrating Domain-data Steering with Code-profiling Tools to Debug Data-intensive Workflows},
	booktitle = {Workflows in Support of Large-Scale Science ({WORKS}) workshop  co-located with the {ACM}/{IEEE} International Conference for High Performance Computing, Networking, Storage, and Analysis ({SC})},
	author = {Silva, Vítor and Neves, Leonardo and Souza, Renan and Coutinho, Alvaro and Oliveira, Daniel De and Mattoso, Marta},
	year = {2016},
	keywords = {provenance, performance analysis, scientific workflow, debugging}
}


@inproceedings{souza_provenancedata_2019,
    title={Provenance Data in the Machine Learning Lifecycle in Computational Science and Engineering},
    author={Souza, Renan and Azevedo, Leonardo and Lourenço, Vítor and Soares, Elton and Thiago, Raphael and Brandão, Rafael and Civitarese, Daniel and Vital Brazil, Emilio and  Moreno, Marcio and  Valduriez, Patrick and  Mattoso, Marta and Cerqueira, Renato and A. S. Netto, Marco},
    year={2019},
		booktitle = {Workflows in Support of Large-Scale Science ({WORKS}) workshop  co-located with the {ACM}/{IEEE} International Conference for High Performance Computing, Networking, Storage, and Analysis ({SC})},
		url = {https://arxiv.org/abs/1910.04223}
}

@techreport{barbosa2016applying,
  title={Applying data warehousing and big data techniques to analyze internet performance},
  author={Barbosa, TMS and Souza, Renan and Cruz, SMS and Campos, MLM and Cottrell, Les},
  year={2016},
  institution={SLAC National Accelerator Lab., Menlo Park, CA (United States)}
}


@inproceedings{castro2015abordagem,
  title={Uma Abordagem para Publica{\c{c}}{\~a}o de Dados de Proveni{\^e}ncia de Workflows Cient{\'\i}ficos na Web Sem{\^a}ntica},
  author={Castro, Rachel and Souza, Renan and Silva, V{\'\i}tor and Oca{\~n}a, Kary and Oliveira, Daniel and Mattoso, Marta},
  booktitle={Simp{\'o}sio Brasileiro de Banco de Dados},
  year={2015}
}



@inproceedings{Souza2017Spark,
	title = {Spark Scalability Analysis in a Scientific Workflow},
	url = {http://sbbd.org.br/2017/wp-content/uploads/sites/3/2018/02/p288-293.pdf},
	pages = {288--293},
	booktitle = {Simpósio Brasileiro de Banco de Dados ({SBBD})},
	author = {Souza, Renan and Silva, Vítor and Miranda, Pedro and Lima, Alexandre A B and Valduriez, Patrick and Mattoso, Marta},
	year = {2017}
}

@inproceedings{Souza2016Online,
	title = {Online Input Data Reduction in Scientific Workflows},
	url = {https://hal.archives-ouvertes.fr/lirmm-01400538},
	pages = {1--10},
	booktitle = {Workflows in Support of Large-Scale Science ({WORKS}) workshop  co-located with the {ACM}/{IEEE} International Conference for High Performance Computing, Networking, Storage, and Analysis ({SC})},
	author = {Souza, Renan and Silva, Vítor and Coutinho, Alvaro and Valduriez, Patrick and Mattoso, Marta},
	year = {2016}
}

@inproceedings{Souza2017Tracking,
	location = {Denver, {CO}},
	title = {Tracking of online parameter fine-tuning in scientific workflows},
	booktitle = {Workflows in Support of Large-Scale Science ({WORKS}) workshop  co-located with the {ACM}/{IEEE} International Conference for High Performance Computing, Networking, Storage, and Analysis ({SC})},
	author = {Souza, Renan and Silva, Vítor and Camata, José and Coutinho, Alvaro and Valduriez, Patrick and Mattoso, Marta},
	year = {2017},
	url = {https://hal-lirmm.ccsd.cnrs.fr/lirmm-01620974}
}

@inproceedings{souza_towards_2018,
	location = {Rio de Janeiro, Brazil},
	title = {Towards a human-in-the-loop library for tracking hyperparameter tuning in deep learning development},
	url = {http://ceur-ws.org/Vol-2170/paper12.pdf},
	eventtitle = {Latin American Data Science ({LaDaS}) workshop co-located with the Very Large Database ({VLDB}) conference},
	pages = {84--87},
	booktitle = {Latin American Data Science ({LaDaS}) workshop co-located with the Very Large Database ({VLDB}) conference},
	author = {Souza, Renan and Neves, Liliane and Azeredo, Leonardo and Luiz, Ricardo and Tady, Elaine and Cavalin, Paulo and Mattoso, Marta},
	year = {2018}
}

@article{Souza2017Data,
	title = {Data reduction in scientific workflows using provenance monitoring and user steering},
	volume = {online},
	issn = {0167-739X},
	url = {https://doi.org/10.1016/j.future.2017.11.028},
	doi = {10.1016/j.future.2017.11.028},
	author = {Souza, Renan and Silva, Vítor and Coutinho, Alvaro L. G. A. and Valduriez, Patrick and Mattoso, Marta},
	journal = {Future Generation Computer Systems},
	pages = {1--34},
	year = {2017}
}

@article{silva_adding_2018,
	title = {Adding domain data to code profiling tools to debug workflow parallel execution},
	issn = {0167-739X},
	url = {https://doi.org/10.1016/j.future.2018.05.078},
	doi = {10.1016/j.future.2018.05.078},
	author = {Silva, Vítor and Neves, Leonardo and Souza, Renan and Coutinho, Alvaro L. G. A. and de Oliveira, Daniel and Mattoso, Marta},
	journal = {Future Generation Computer Systems},
	year = {2018},
	pages = {624--643},
	keywords = {Scientific workflow, Debugging, Provenance, Performance analysis}
}

@article{souza_keeping_2019,
	title = {Keeping track of user steering actions in dynamic workflows},
	volume = {99},
	issn = {0167-739X},
	url = {https://hal-lirmm.ccsd.cnrs.fr/lirmm-02127456},
	doi = {10.1016/j.future.2019.05.011},
	pages = {624--643},
	journal = {Future Generation Computer Systems},
	author = {Souza, Renan and Silva, Vítor and Camata, Jose J. and Coutinho, Alvaro L. G. A. and Valduriez, Patrick and Mattoso, Marta},
	year = {2019},
	keywords = {Dynamic workflows, Computational steering, Provenance data, Parameter tuning}
}

@inproceedings{Silva2018Capturing,
	title = {Capturing Provenance for Runtime Data Analysis in Computational Science and Engineering Applications},
	isbn = {978-3-319-98379-0},
	series = {Lecture Notes in Computer Science ({LNCS})},
	pages = {183--187},
	booktitle = {International Provenance and Annotation Workshop (IPAW)},
	publisher = {Springer International Publishing},
	author = {Silva, Vítor and Souza, Renan and Camata, Jose and de Oliveira, Daniel and Valduriez, Patrick and Coutinho, Alvaro L. G. A. and Mattoso, Marta},
	year = {2018},
	url = {https://link.springer.com/chapter/10.1007/978-3-319-98379-0_15}
}

@inproceedings{Souza2018Provenance,
	title = {Provenance of Dynamic Adaptations in User-Steered Dataflows},
	author = {Souza, Renan and Mattoso, Marta},
	isbn = {978-3-319-98379-0},
	url = {https://link.springer.com/chapter/10.1007/978-3-319-98379-0_2},
	series = {Lecture Notes in Computer Science ({LNCS})},
	pages = {16--29},
	booktitle = {International Provenance and Annotation Workshop (IPAW)},
	publisher = {Springer International Publishing},
	year = {2018}
}

@inproceedings{souza_efficient_2019,
	title = {Efficient Runtime Capture of Multiworkflow Data Using Provenance},
	url = {https://hal-lirmm.ccsd.cnrs.fr/lirmm-02265932},
	pages = {1--10},
	booktitle = {{IEEE} International Conference on e-Science (eScience)},
	author = {Souza, Renan and Azevedo, Leonardo and Thiago, Raphael and Soares, Elton and Nery, Marcelo and Netto, Marco and Brazil, Emilio Vital and Cerqueira, Renato and Valduriez, Patrick and Mattoso, Marta},
	urlyear = {2019-10-20},
	year = {2019}
}


%%%%%%%%%%%%%%%%%%%%%%%%%%%%%%%%%%%%%%%%%%%%%%




%%%%%%%%%%%%%%%%%%%%%%%%%%%%%%%%%%%%%%%%%%%%%%%%%%%%%%
%%%%%%%%%%%%%%%%%%%%%%%%%%%%%%%%%%%%%%%%%%%%%%%%%%%%%%
%%%%%%%%%%%%%%%%%%%%%%%%%%%%%%%%%%%%%%%%%%%%%%%%%%%%%%
% OTHER  PUBLICATIONS (used in intro) %%%%%%%%%%%%%%%%
%%%%%%%%%%%%%%%%%%%%%%%%%%%%%%%%%%%%%%%%%%%%%%%%%%%%%%
%%%%%%%%%%%%%%%%%%%%%%%%%%%%%%%%%%%%%%%%%%%%%%%%%%%%%%
%%%%%%%%%%%%%%%%%%%%%%%%%%%%%%%%%%%%%%%%%%%%%%%%%%%%%%




@article{Mattoso2015Dynamic,
	title = {Dynamic steering of {HPC} scientific workflows: a survey},
	volume = {46},
	rights = {thesis bib},
	issn = {0167-739X},
	url = {http://dx.doi.org/10.1016/j.future.2014.11.017},
	doi = {10.1016/j.future.2014.11.017},
	pages = {100--113},
	issue = {C},
	journal = {Future Generation Computer Systems},
	author = {Mattoso, Marta and Dias, Jonas and Ocaña, Kary A.C.S. and Ogasawara, Eduardo and Costa, Flavio and Horta, Felipe and Silva, Vítor and de Oliveira, Daniel},
	urlyear = {2015-10-29},
	year = {2015},
	keywords = {scientific workflows, Steering, cloud computing, Dynamic workflows, {HPC}}
}

@online{groth_w3c_2013,
	title = {W3C {PROV}: an overview of the {PROV} family of documents},
	rights = {thesis bib},
	url = {https://www.w3.org/TR/prov-overview/},
	author = {Groth, P. and Moreau, L.},
	year = {2013}
}

@article{jagadish_big_2014,
	title = {Big data and its technical challenges},
	volume = {57},
	rights = {thesis bib},
	issn = {00010782},
	url = {http://dl.acm.org/citation.cfm?doid=2622628.2611567},
	doi = {10.1145/2611567},
	pages = {86--94},
	number = {7},
	journal = {Communications of the {ACM}},
	author = {Jagadish, H. V. and Gehrke, Johannes and Labrinidis, Alexandros and Papakonstantinou, Yannis and Patel, Jignesh M. and Ramakrishnan, Raghu and Shahabi, Cyrus},
	urlyear = {2014-08-19},
	year = {2014},
	langid = {english}
}

@article{deelman_future_2017,
	title = {The future of scientific workflows},
	volume = {32},
	rights = {thesis bib},
	issn = {1094-3420, 1741-2846},
	url = {http://journals.sagepub.com/doi/10.1177/1094342017704893},
	doi = {10.1177/1094342017704893},
	pages = {159--175},
	number = {1},
	journal = {International Journal of {HPC} Applications},
	author = {Deelman, Ewa and Peterka, Tom and Altintas, Ilkay and Carothers, Christopher D and Kleese van Dam, Kerstin and Moreland, Kenneth and Parashar, Manish and Ramakrishnan, Lavanya and Taufer, Michela and Vetter, Jeffrey},
	urlyear = {2017-08-11},
	year = {2017},
	langid = {english}
}



@article{F.daSilva2017characterization,
	title = {A characterization of workflow management systems for extreme-scale applications},
	volume = {75},
	rights = {thesis bib},
	issn = {0167739X},
	doi = {10.1016/j.future.2017.02.026},
	pages = {228--238},
	journal = {Future Generation Computer Systems},
	eprinttype = {jstor},
	eprint = {2},
	author = {F. da Silva, Rafael and Filgueira, Rosa and Pietri, Ilia and Jiang, Ming and Sakellariou, Rizos and Deelman, Ewa},
	urlyear = {2017-08-11},
	year = {2017},
	langid = {english}
}

@inproceedings{F.daSilva2016Pegasus,
	title = {Pegasus and {LIGO}},
	booktitle = {Pegasus Blog Post},
	rights = {thesis bib},
	url = {https://pegasus.isi.edu/2016/02/23/pegasus-and-ligo/},
	titleaddon = {Pegasus {SWMS}},
	author = {F. da Silva, Rafael},
	year = {2016},
	langid = {english}
}



@inproceedings{ibm_research_editorial_staff_ai_2018,
	title = {{AI} and the Future of Oil: An {AI} Tool to Advise Geoscientists},
	rights = {thesis bib},
	url = {https://www.ibm.com/blogs/research/2018/07/ai-future-oil/},
	booktitle = {IBM Research Blog Post},
	author = {{IBM Research}},
	year = {2018}
}

@article{herschel_survey_2017,
	title = {A survey on provenance: What for? What form? What from?},
	volume = {26},
	issn = {1066-8888},
	url = {https://doi.org/10.1007/s00778-017-0486-1},
	doi = {10.1007/s00778-017-0486-1},
	pages = {881--906},
	number = {6},
	journal = {The {VLDB} Journal},
	author = {Herschel, Melanie and Diestelkämper, Ralf and Ben Lahmar, Houssem},
	urlyear = {2019-01-30},
	year = {2017},
	keywords = {Data provenance, Provenance applications, Provenance capture, Provenance requirements, Provenance types, Survey, Workflow provenance}
}





%%%%%%%%%%%%%%%%%%%%%%%%%%%%%%%%%%%%%%%%%%
%%%%%%%%%%%%%%%%%%%%%%%%%%%%%%%%%%%%%%%%%%
%%%%%%%%%%%%%%%%%%%%%%%%%%%%%%%%%%%%%%%%%%%%%%%%%%%%%%%%%%%%%%%%%%%%%%%%%%%%%%%%%%%%
%%%%%%%%%%%%%%%%%%%%%%%%%%%%%%%%%%%%%%%%%%
%%%%%%%%%%%%%%%%%%%%%%%%%%%%%%%%%%%%%%%%%%%%%%%%%%%%%%%%%%%%%%%%%%%%%%%%%%%%%%%%%%%%
%%%%%%%%%%%%%%%%%%%%%%%%%%%%%%%%%%%%%%%%%%
%%%%%%%%%%%%%%%%%%%%%%%%%%%%%%%%%%%%%%%%%%%%%%%%%%%%%%%%%%%%%%%%%%%%%%%%%%%%%%%%%%%%
%%%%%%%%%%%%%%%%%%%%%%%%%%%%%%%%%%%%%%%%%%
%%%%%%%%%%%%%%%%%%%%%%%%%%%%%%%%%%%%%%%%%%%%%%%%%%%%%%%%%%%%%%%%%%%%%%%%%%%%%%%%%%%%
%%%%%%%%%%%%%%%%%%%%%%%%%%%%%%%%%%%%%%%%%%
%%%%%%%%%%%%%%%%%%%%%%%%%%%%%%%%%%%%%%%%%%
% %%%%%%%%%%%%%%%%%%%%%%%%%%%%%%%%%%%%%%%%%%
% %%%%%%%%%%%%%%%%%%% AUTO GENERATED %%%%%%%
% %%%%%%%%%%%%%%%%%%%%%%%%%%%%%%%%%%%%%%%%%%
%%%%%%%%%%%%%%%%%%%%%%%%%%%%%%%%%%%%%%%%%%
%%%%%%%%%%%%%%%%%%%%%%%%%%%%%%%%%%%%%%%%%%
%%%%%%%%%%%%%%%%%%%%%%%%%%%%%%%%%%%%%%%%%%%%%%%%%%%%%%%%%%%%%%%%%%%%%%%%%%%%%%%%%%%%
%%%%%%%%%%%%%%%%%%%%%%%%%%%%%%%%%%%%%%%%%%
%%%%%%%%%%%%%%%%%%%%%%%%%%%%%%%%%%%%%%%%%%%%%%%%%%%%%%%%%%%%%%%%%%%%%%%%%%%%%%%%%%%%
%%%%%%%%%%%%%%%%%%%%%%%%%%%%%%%%%%%%%%%%%%
%%%%%%%%%%%%%%%%%%%%%%%%%%%%%%%%%%%%%%%%%%
%%%%%%%%%%%%%%%%%%%%%%%%%%%%%%%%%%%%%%%%%%
%%%%%%%%%%%%%%%%%%%%%%%%%%%%%%%%%%%%%%%%%%
%%%%%%%%%%%%%%%%%%%%%%%%%%%%%%%%%%%%%%%%%%%%%%%%%%%%%%%%%%%%%%%%%%%%%%%%%%%%%%%%%%%%
%%%%%%%%%%%%%%%%%%%%%%%%%%%%%%%%%%%%%%%%%%
%%%%%%%%%%%%%%%%%%%%%%%%%%%%%%%%%%%%%%%%%%%%%%%%%%%%%%%%%%%%%%%%%%%%%%%%%%%%%%%%%%%%
%%%%%%%%%%%%%%%%%%%%%%%%%%%%%%%%%%%%%%%%%%
%%%%%%%%%%%%%%%%%%%%%%%%%%%%%%%%%%%%%%%%%%%%%%%%%%%%%%%%%%%%%%%%%%%%%%%%%%%%%%%%%%%%
%%%%%%%%%%%%%%%%%%%%%%%%%%%%%%%%%%%%%%%%%%
%%%%%%%%%%%%%%%%%%%%%%%%%%%%%%%%%%%%%%%%%%





@inproceedings{Abadi2016TensorFlow:,
 author = {Abadi, Martin and Barham, Paul and Chen, Jianmin and Chen, Zhifeng and Davis, Andy and Dean, Jeffrey and Devin, Matthieu and Ghemawat, Sanjay and Irving, Geoffrey and Isard, Michael},
 date = {2016},
 booktitle = {OSDI},    journal = {OSDI},
 pages = {265--283},
 title = {TensorFlow: A System for Large-Scale Machine Learning.},
 volume = {16},
 year = {2016}
}

@article{Abouelhoda2012Tavaxy:,
 author = {Abouelhoda, Mohamed and Issa, Shadi and Ghanem, Moustafa},
 date = {2012},
 doi = {10.1186/1471-2105-13-77},
 issn = {1471-2105},
 booktitle = {BMC Bioinformatics},    journal = {BMC Bioinformatics},
 pages = {77},
 title = {Tavaxy: Integrating Taverna and Galaxy workflows with cloud computing support},
 volume = {13},
 year = {2012}
}

@inproceedings{Abramson2008Nimrod/K:,
 address = {Austin, Texas, USA},
 author = {Abramson, David and Enticott, Colin and Altinas, Ilkay},
 date = {2008},
 isbn = {978-1-4244-2835-9},
 booktitle = {International Conference on High Performance Computing, Networking, Storage and Analysis (SC)},   
 journal = {International Conference on High Performance Computing, Networking, Storage and Analysis (SC)},
 pages = {1--11},
 title = {Nimrod/K: towards massively parallel dynamic grid workflows},
 url = {http://portal.acm.org/citation.cfm?id=1413370.1413395},
 year = {2008}
}

@article{Ailamaki2010Managing,
 author = {Ailamaki, Anastasia and Kantere, Verena and Dash, Debabrata},
 date = {2010-06},
 doi = {http://doi.acm.org/10.1145/1743546.1743568},
 issn = {0001-0782},
 booktitle = {Communications of the ACM},
 journal = {Communications of the ACM},
 month = {6},
 number = {6},
 pages = {68--78},
 title = {Managing scientific data},
 volume = {53},
 year = {2010}
}

@techreport{Alnaes2015FEniCS,
 author = {Alnaes, Martin and Blechta, Jan and Hake, Johan and Johansson, August and Kehlet, Benjamin and Logg, Anders and Richardson, Chris and Ring, Johannes and Rognes, Marie E and Wells, Garth N and Archive Of Numerical Software},
 date = {2015},
 language = {eng},
 note = {DOI: 10.11588/ans.2015.100.20553},
 publisher = {University Library Heidelberg},
 title = {The FEniCS Project Version 1.5},
 url = {http://journals.ub.uni-heidelberg.de/index.php/ans/article/view/20553},
 year = {2015}
}

@inproceedings{Anglano2006Fault-aware,
 author = {Anglano, C. and Brevik, J. and Canonico, M. and Nurmi, D. and Wolski, R.},
 date = {2006},
 doi = {10.1109/ICGRID.2006.310998},
 booktitle = {7th IEEE/ACM International Conference on Grid Computing},    journal = {7th IEEE/ACM International Conference on Grid Computing},
 pages = {56--63},
 title = {Fault-aware scheduling for Bag-of-Tasks applications on Desktop Grids},
 year = {2006}
}

@article{Atkinson2017Scientific,
 author = {Atkinson, Malcolm and Gesing, Sandra and Montagnat, Johan and Taylor, Ian},
 date = {2017-10-01},
 day = {1},
 doi = {10.1016/j.future.2017.05.041},
 issn = {0167-739X},
 booktitle = {Future Generation Computer Systems},
 journal = {Future Generation Computer Systems},
 month = {10},
 pages = {216--227},
 title = {Scientific workflows: Past, present and future},
 volume = {75},
 year = {2017}
}

@inproceedings{Ayachit2015ParaView,
 author = {Ayachit, Utkarsh and Bauer, Andrew and Geveci, Berk and O'Leary, Patrick and Moreland, Kenneth and Fabian, Nathan and Mauldin, Jeffrey},
 date = {2015},
 doi = {10.1145/2828612.2828624},
 isbn = {978-1-4503-4003-8},
 booktitle = {In Situ Infrastructures for Enabling Extreme-scale Analysis and Visualization in Supercomputing workshops},    journal = {In Situ Infrastructures for Enabling Extreme-scale Analysis and Visualization in Supercomputing workshops},
 pages = {25--29},
 publisher = {ACM Press},
 title = {ParaView Catalyst: enabling in situ data analysis and visualization},
 url = {http://dl.acm.org/citation.cfm?doid=2828612.2828624},
 year = {2015}
}

@inproceedings{Ayachit2016Performance,
 address = {Piscataway, NJ, USA},
 author = {Ayachit, Utkarsh and Bauer, Andrew and Duque, Earl P. N. and Eisenhauer, Greg and Ferrier, Nicola and Gu, Junmin and Jansen, Kenneth E. and Loring, Burlen and Lukic, Zarija and Menon, Suresh and Morozov, Dmitriy and O'Leary, Patrick and Ranjan, Reetesh and Rasquin, Michel and Stone, Christopher P. and Vishwanath, Venkat and Weber, Gunther H. and Whitlock, Brad and Wolf, Matthew and Wu, K. John and Bethel, E. Wes},
 date = {2016},
 isbn = {978-1-4673-8815-3},
 booktitle = {{ACM}/{IEEE} International Conference for High Performance Computing, Networking, Storage, and Analysis ({SC})}, 
 journal = {{ACM}/{IEEE} International Conference for High Performance Computing, Networking, Storage, and Analysis ({SC})},
 pages = {79:1--79:12},
 publisher = {IEEE Press},
 series = {SC '16},
 title = {Performance Analysis, Design Considerations, and Applications of Extreme-scale in Situ Infrastructures},
 url = {http://dl.acm.org/citation.cfm?id=3014904.3015010},
 year = {2016}
}

@article{Bauer2016In,
 author = {Bauer, A. C. and H., Abbasi and Ahrens J. and Childs H. and Geveci B. and Klasky S. and Moreland K. and O'Leary P. and Vishwanath V. and Whitlock B. and Bethel E. W.},
 date = {2016-07-04},
 day = {4},
 doi = {10.1111/cgf.12930},
 issn = {0167-7055},
 booktitle = {Comp. G. Forum},    journal = {Comp. G. Forum},
 month = {7},
 number = {3},
 pages = {577--597},
 title = {In situ methods, infrastructures, and applications on high performance computing platforms},
 volume = {35},
 year = {2016}
}

@misc{Bernholdt2017Improving,
 address = {Atlanta, GA},
 author = {Bernholdt, David and Dubey, Anshu and Heroux, Michael and Klinvex, Alicia and McInnes, Lois Curfman},
 date = {2017},
 organization = {SIAM Conference on Computational Science and Engineering},
 title = {Improving Reproducibility Through Better Software Practices},
 year = {2017}
}

@inproceedings{Bourhis2016Analyzing,
 author = {Bourhis, Pierre and Deutch, Daniel and Moskovitch, Yuval},
 date = {2016},
 doi = {10.1109/ICDE.2016.7498289},
 booktitle = {International Conference on Data Engineering},    journal = {International Conference on Data Engineering},
 pages = {779--790},
 title = {Analyzing data-centric applications: Why, what-if, and how-to},
 year = {2016}
}

@inproceedings{Brodlie1993GRASPARC:,
 address = {Washington, DC, USA},
 author = {Brodlie, Ken and Poon, Andrew and Wright, Helen and Brankin, Lesley and Banecki, Greg and Gay, Alan},
 date = {1993},
 isbn = {978-0-8186-3940-1},
 booktitle = {Proceedings of the 4th Conference on Visualization '93},    journal = {Proceedings of the 4th Conference on Visualization '93},
 pages = {102--109},
 publisher = {IEEE Computer Society},
 series = {VIS '93},
 title = {GRASPARC: A Problem Solving Environment Integrating Computation and Visualization},
 url = {http://dl.acm.org/citation.cfm?id=949845.949868},
 year = {1993}
}

@phdthesis{Butnaru2013Computational,
 author = {Butnaru, Daniel},
 date = {2013},
 school = {Technische Universitat Munchen},
 title = {Computational steering with reduced complexity},
 year = {2013}
}

@phdthesis{Spinuso2018Active,
 author = {Spinuso, Alessandro},
 date = {2018},
 school = {University of Edinburgh},
 title = {Active provenance for data intensive research},
 year = {2018}
}



@article{Camata2018In,
 author = {Camata, Jose J. and Silva, Vitor and Valduriez, Patrick and Mattoso, Marta and Coutinho, Alvaro L. G. A.},
 date = {2018-01-01},
 day = {1},
 doi = {10.1016/j.cageo.2017.09.013},
 issn = {0098-3004},
 booktitle = {Computers \& Geosciences},    journal = {Computers \& Geosciences},
 month = {1},
 pages = {23--31},
 title = {In situ visualization and data analysis for turbidity currents simulation},
 volume = {110},
 year = {2018}
}

@inproceedings{Cario2003load,
 author = {Cario, R.L. and Banicescu, I.},
 date = {2003-06},
 doi = {10.1109/CLADE.2003.1209998},
 booktitle = {Proceedings of the International Workshop on Challenges of Large Applications in Distributed Environments, 2003},    journal = {Proceedings of the International Workshop on Challenges of Large Applications in Distributed Environments, 2003},
 month = {6},
 organization = {Proceedings of the International Workshop on Challenges of Large Applications in Distributed Environments, 2003},
 pages = {39--46},
 title = {A load balancing tool for distributed parallel loops},
 year = {2003}
}

@incollection{Childs2012VisIt:,
 author = {Childs, Hank and Brugger, Eric and Whitlock, Brad and Meredith, Jeremy and Ahern, Sean and Pugmire, David and Biagas, Kathleen and Miller, Mark and Harrison, Cyrus and Weber, Gunther H. and Krishnan, Hari and Fogal, Thomas and Sanderson, Allen and Garth, Christoph and Bethel, E. Wes and Camp, David and Rubel, Oliver and Durant, Marc and Favre, Jean M. and Navratil, Paul},
 booktitle = {High Performance Visualization-Enabling Extreme-Scale Scientific Insight},
 date = {2012-10},
 month = {10},
 pages = {357--372},
 title = {VisIt: An End-User Tool For Visualizing and Analyzing Very Large Data},
 year = {2012}
}

@inproceedings{Chirigati2012Evaluating,
 address = {Scottsdale, AZ, EUA},
 author = {Chirigati, Fernando and Silva, Vitor and Ogasawara, Eduardo and Oliveira, Daniel and Dias, Jonas and Porto, Fabio and Valduriez, Patrick and Mattoso, Marta},
 date = {2012},
 doi = {10.1145/2443416.2443418},
 isbn = {978-1-4503-1876-1},
 booktitle = {International Workshop on Scalable Workflow Enactment Engines and Technologies (SWEET) co-located with the ACM Special Interest Group on Management of Data ({SIGMOD})}, 
 journal = {International Workshop on Scalable Workflow Enactment Engines and Technologies (SWEET) co-located with the ACM Special Interest Group on Management of Data ({SIGMOD})},
 organization = {SIGMOD/PODS 2012},
 pages = {10},
 title = {Evaluating Parameter Sweep Workflows in High Performance Computing},
 year = {2012}
}

@inproceedings{Cordasco2013Designing,
 address = {New York, NY, USA},
 author = {Cordasco, Gennaro and De Chiara, Rosario and Raia, Francesco and Scarano, Vittorio and Spagnuolo, Carmine and Vicidomini, Luca},
 date = {2013},
 doi = {10.1145/2486092.2486147},
 isbn = {978-1-4503-1920-1},
 booktitle = {ACM Conference on Principles of Advanced Discrete Simulation (SIGSIM)},  
 journal = {ACM Conference on Principles of Advanced Discrete Simulation (SIGSIM)},
 pages = {385--390},
 publisher = {ACM},
 series = {SIGSIM PADS '13},
 title = {Designing Computational Steering Facilities for Distributed Agent Based Simulations},
 url = {http://doi.acm.org/10.1145/2486092.2486147},
 year = {2013}
}

@inproceedings{Costa2013Capturing,
  title={Capturing and querying workflow runtime provenance with PROV: a practical approach},
  author={Costa, Flavio and Silva, V{\'\i}tor and De Oliveira, Daniel and Oca{\~n}a, Kary and Ogasawara, Eduardo and Dias, Jonas and Mattoso, Marta},
  booktitle={Joint EDBT/ICDT 2013 Workshops},
  pages={282--289},
  year={2013},
  organization={ACM},
  doi = {10.1145/2457317.2457365},
  isbn = {978-1-4503-1599-9},
  url = {http://doi.acm.org/10.1145/2457317.2457365},
  series = {EDBT '13}
}


@inproceedings{Danani2015Computational,
 address = {San Diego, CA, USA},
 author = {Danani, Bob K. and D'Amora, Bruce D.},
 date = {2015},
 isbn = {978-1-5108-0101-1},
 booktitle = {Symposium on High Performance Computing},
 journal = {Symposium on High Performance Computing},
 pages = {202--209},
 publisher = {Society for Computer Simulation International},
 series = {HPC '15},
 title = {Computational Steering for High Performance Computing: Applications on Blue Gene/Q System},
 url = {http://dl.acm.org/citation.cfm?id=2872599.2872624},
 year = {2015}
}

@inproceedings{Davidson2008Provenance,
 address = {New York, NY, USA},
 author = {Davidson, Susan B. and Freire, Juliana},
 date = {2008},
 doi = {10.1145/1376616.1376772},
 isbn = {978-1-60558-102-6},
 booktitle = {ACM International Conference on Management of Data (SIGMOD)},
 journal = {ACM International Conference on Management of Data (SIGMOD)},
 pages = {1345--1350},
 series = {SIGMOD '08},
 title = {Provenance and Scientific Workflows: Challenges and Opportunities},
 url = {http://doi.acm.org/10.1145/1376616.1376772},
 year = {2008}
}

@inproceedings{DeOliveira2015How,
 address = {Edinburgh, Scotland},
 author = {De Oliveira, Daniel and Silva, Vitor and Mattoso, Marta},
 date = {2015},
 booktitle = {Workshop on Theory and Practice of Provenance (TaPP)},    journal = {Workshop on Theory and Practice of Provenance (TaPP)},
 publisher = {USENIX Association},
 title = {How much domain data should be in provenance databases?},
 year = {2015}
}

@incollection{DeRooij2001Time-,
 address = {Oxford, UK},
 author = {De Rooij, F. and Dalziel, S. B.},
 booktitle = {Particulate Gravity Currents},
 date = {2001-04-24},
 day = {24},
 editor = {McCaffrey, William and Kneller, Ben and Peakall, Jeff},
 isbn = {978-1-4443-0427-5},
 language = {en},
 month = {4},
 note = {DOI: 10.1002/9781444304275.ch15},
 pages = {207--215},
 publisher = {Blackwell Publishing Ltd.},
 title = {Time- and space-resolved measurements of deposition under turbidity currents},
 url = {http://doi.wiley.com/10.1002/9781444304275.ch15},
 year = {2001}
}

@article{DetNorseVeritas2010Recommended,
 author = {Det Norse Veritas},
 date = {2010},
 booktitle = {DNV-RP-F204},    journal = {DNV-RP-F204},
 title = {Recommended practice: riser fatigue},
 year = {2010}
}


@article{Diao2015AIDE:,
 author = {Diao, Yanlei and Dimitriadou, Kyriaki and Li, Zhan and Liu, Wenzhao and Papaemmanouil, Olga and Peng, Kemi and Peng, Liping},
 date = {2015-08},
 doi = {10.14778/2824032.2824112},
 issn = {2150-8097},
 booktitle = {Proceedings of the VLDB Endowment},
 journal = {Proceedings of the VLDB Endowment},
 month = {8},
 number = {12},
 pages = {1964--1967},
 title = {AIDE: An Automatic User Navigation System for Interactive Data Exploration},
 volume = {8},
 year = {2015}
}

@article{Dias2015Data-centric,
 author = {Dias, Jonas and Guerra, Gabriel and Rochinha, Fernando and Coutinho, Alvaro L. G. A. and Valduriez, Patrick and Mattoso, Marta},
 date = {2015-05},
 doi = {10.1016/j.future.2014.10.021},
 issn = {0167-739X},
 booktitle = {Future Generation Computer Systems},
 journal = {Future Generation Computer Systems},
 month = {5},
 number = {C},
 pages = {114--126},
 title = {Data-centric iteration in dynamic workflows},
 volume = {46},
 year = {2015}
}

@inproceedings{Dimitriadou2014Automatic,
 author = {Dimitriadou, K.},
 date = {2014-03},
 doi = {10.1109/ICDEW.2014.6818348},
 booktitle = {2014 IEEE 30th International Conference on Data Engineering Workshops},    journal = {2014 IEEE 30th International Conference on Data Engineering Workshops},
 month = {3},
 organization = {2014 IEEE 30th International Conference on Data Engineering Workshops},
 pages = {320--324},
 title = {Automatic user steering for interactive data exploration},
 year = {2014}
}

@inproceedings{Dimitriadou2014Explore-by-example:,
 address = {New York, NY, USA},
 author = {Dimitriadou, Kyriaki and Papaemmanouil, Olga and Diao, Yanlei},
 date = {2014},
 doi = {10.1145/2588555.2610523},
 isbn = {978-1-4503-2376-5},
 booktitle = {ACM International Conference on Management of Data (SIGMOD)},
 journal = {ACM International Conference on Management of Data (SIGMOD)},
 pages = {517--528},
 publisher = {ACM},
 series = {SIGMOD '14},
 title = {Explore-by-example: An Automatic Query Steering Framework for Interactive Data Exploration},
 url = {http://doi.acm.org/10.1145/2588555.2610523},
 year = {2014}
}

@techreport{Dreher2017Decaf:,
 author = {Dreher, Matthieu and Peterka, Tom},
 date = {2017},
 institution = {Argonne National Lab.(ANL), Argonne, IL (United States)},
 title = {Decaf: Decoupled dataflows for in situ high-performance workflows},
 year = {2017}
}

@inproceedings{Duro2016Flexible,
 author = {Duro, F. R. and Blas, J. G. and Isaila, F. and Wozniak, J. M. and Carretero, J. and Ross, R.},
 date = {2016-05},
 doi = {10.1109/CCGrid.2016.40},
 booktitle = {IEEE/ACM International Symposium on Cluster, Cloud and Grid Computing (CCGrid)},  
 journal = {IEEE/ACM International Symposium on Cluster, Cloud and Grid Computing (CCGrid)},
 month = {5},
 organization = {IEEE/ACM International Symposium on Cluster, Cloud and Grid Computing (CCGrid)},
 pages = {321--324},
 title = {Flexible Data-Aware Scheduling for Workflows over an In-memory Object Store},
 year = {2016}
}

@inproceedings{Eisenhauer1998Object-based,
 address = {New York, NY, USA},
 author = {Eisenhauer, Greg and Schwan, Karsten},
 date = {1998},
 doi = {10.1145/281035.281037},
 isbn = {978-1-58113-001-0},
 booktitle = {Symposium on Parallel and Distributed Tools (SIGMETRICS)},
 journal = {Symposium on Parallel and Distributed Tools (SIGMETRICS)},
 pages = {10--20},
 publisher = {ACM},
 series = {SPDT '98},
 title = {An Object-based Infrastructure for Program Monitoring and Steering},
 url = {http://doi.acm.org/10.1145/281035.281037},
 year = {1998}
}

@inproceedings{Esnard2006Steering,
 author = {Esnard, A. and Richart, N. and Coulaud, O.},
 date = {2006-10},
 doi = {10.1109/DS-RT.2006.7},
 booktitle = {IEEE International Symposium on Distributed Simulation and Real-Time Applications},
 journal = {IEEE International Symposium on Distributed Simulation and Real-Time Applications},
 month = {10},
 organization = {2006 Tenth IEEE International Symposium on Distributed Simulation and Real-Time Applications},
 pages = {7--14},
 title = {A Steering Environment for Online Parallel Visualization of Legacy Parallel Simulations},
 year = {2006}
}

@article{Deelman2015Pegasus,
	journal={Future Generation Computer Systems},
	doi={10.1016/j.future.2014.10.008},
	issn={0167739X},
	language={en},
	title={Pegasus, a workflow management system for science automation},
	volume=46,
	author={Deelman, Ewa and Vahi, Karan and Juve, Gideon and Rynge, Mats and Callaghan, Scott and Maechling, Philip J. and Mayani, Rajiv and Chen, Weiwei and Ferreira da Silva, Rafael and Livny, Miron and Wenger, Kent},
	pages={17--35},
	date={2015-05},
	year=2015,
	month=5,
}

@inproceedings{Figueira2004CS_LITE:,
 author = {Figueira, Silvia and Bui, Sonia},
 date = {2004},
 booktitle = {International Conference on Parallel and Distributed Computing and Networks},
 journal = {International Conference on Parallel and Distributed Computing and Networks},
 language = {en},
 pages = {1--6},
 title = {CS\_LITE: A lightweight computational steering system.},
 year = {2004},
 url = {https://www.researchgate.net/publication/221352388\_CS\_LITE\_A\_lightweight\_computational\_steering\_system}
}

@inproceedings{Foster2017Computing,
 author = {Foster, Ian and Ainsworth, Mark and Allen, Bryce and Bessac, Julie and Cappello, Franck and Choi, Jong Youl and Constantinescu, Emil and Davis, Philip E. and Di, Sheng and Di, Wendy and Guo, Hanqi and Klasky, Scott and Dam, Kerstin Kleese Van and Kurc, Tahsin and Liu, Qing and Malik, Abid and Mehta, Kshitij and Mueller, Klaus and Munson, Todd and Ostouchov, George and Parashar, Manish and Peterka, Tom and Pouchard, Line and Tao, Dingwen and Tugluk, Ozan and Wild, Stefan and Wolf, Matthew and Wozniak, Justin M. and Xu, Wei and Yoo, Shinjae},
 date = {2017-08-28},
 day = {28},
 doi = {10.1007/978-3-319-64203-1\_1},
 isbn = {978-3-319-64202-4},
 booktitle = {European Conference on Parallel and Distributed Computing (Euro-Par)},  
 journal = {European Conference on Parallel and Distributed Computing (Euro-Par)},
 language = {en},
 month = {8},
 organization = {Euro-Par},
 pages = {3--19},
 publisher = {Springer, Cham},
 series = {Lecture Notes in Computer Science},
 title = {Computing just what you need: online data analysis and reduction at extreme scales},
 url = {https://link.springer.com/chapter/10.1007/978-3-319-64203-1\_1},
 year = {2017}
}

@article{Freire2008Provenance,
 author = {Freire, Juliana and Koop, David and Santos, Emanuele and Silva, Claudio T.},
 date = {2008},
 doi = {10.1109/MCSE.2008.79},
 issn = {1521-9615},
 booktitle = {Computing in Science \& Engineering},  
 journal = {Computing in Science \& Engineering},
 number = {3},
 pages = {11--21},
 title = {Provenance for Computational Tasks: A Survey},
 volume = {10},
 year = {2008}
}

@article{Garcia2015Computational,
 author = {Garcia, Manuel and Duque, Juan and Boulanger, Pierre and Figueroa, Pablo},
 date = {2015-08-01},
 day = {1},
 doi = {10.1007/s12008-014-0236-1},
 issn = {1955-2513, 1955-2505},
 booktitle = {International Journal on Interactive Design and Manufacturing (IJIDeM)},    journal = {International Journal on Interactive Design and Manufacturing (IJIDeM)},
 language = {en},
 month = {8},
 number = {3},
 pages = {235--245},
 title = {Computational steering of CFD simulations using a grid computing environment},
 volume = {9},
 year = {2015}
}

@article{Gil2007Examining,
 author = {Gil, Yolanda and Deelman, Ewa and Ellisman, Mark and Fahringer, Thomas and Fox, Geoffrey and Gannon, Dennis and Goble, Carole and Livny, Miron and Moreau, Luc and Myers, Jim},
 date = {2007},
 doi = {10.1109/MC.2007.421},
 issn = {0018-9162},
 booktitle = {Computer},    journal = {Computer},
 number = {12},
 pages = {24--32},
 title = {Examining the Challenges of Scientific Workflows},
 volume = {40},
 year = {2007}
}

@inproceedings{Glasner2001Monitoring,
 author = {Glasner, Christian and Hugl, Roland and Reitinger, Bernhard and Kranzlmuller, Dieter and Volkert, Jens},
 date = {2001-05-28},
 day = {28},
 doi = {10.1007/3-540-45718-6\_83},
 isbn = {978-3-540-42233-4},
 booktitle = {Computational Science - ICCS 2001},    journal = {Computational Science - ICCS 2001},
 language = {en},
 month = {5},
 organization = {International Conference on Computational Science},
 pages = {781--790},
 publisher = {Springer, Berlin, Heidelberg},
 series = {Lecture Notes in Computer Science},
 title = {The Monitoring and Steering Environment},
 url = {https://link.springer.com/chapter/10.1007/3-540-45718-6\_83},
 year = {2001}
}

@article{Goel1999WBCSim:,
 author = {Goel, A. and Phanouriou, C. and Kamke, F. A. and Ribbens, C. J. and Shaffer, C. A. and Watson, L. T.},
 date = {1999-04-01},
 day = {1},
 doi = {10.1007/s003660050014},
 issn = {0177-0667, 1435-5663},
 booktitle = {Engineering with Computers},    journal = {Engineering with Computers},
 language = {en},
 month = {4},
 number = {2},
 pages = {198--210},
 title = {WBCSim: A Prototype Problem Solving Environment for Wood-Based Composites Simulations},
 volume = {15},
 year = {1999}
}

@article{Goncalves2013Performance,
 author = {Goncalves, Joao and Oliveira, de Daniel and Ocana, Kary and Ogasawara, Eduardo and Dias, Jonas and Mattoso, Marta},
 date = {2013},
 booktitle = {Journal of Information and Data Management},    journal = {Journal of Information and Data Management},
 language = {en},
 number = {1},
 pages = {17--26},
 title = {Performance Analysis of Data Filtering in Scientific Workflows},
 volume = {4},
 year = {2013}
}

@inproceedings{Goodale2003Cactus,
 address = {Berlin, Heidelberg},
 author = {Goodale, Tom and Allen, Gabrielle and Lanfermann, Gerd and Masso, Joan and Radke, Thomas and Seidel, Edward and Shalf, John},
 date = {2003},
 isbn = {978-3-540-00852-1},
 booktitle = {Proceedings of the 5th International Conference on High Performance Computing for Computational Science},    journal = {Proceedings of the 5th International Conference on High Performance Computing for Computational Science},
 pages = {197--227},
 publisher = {Springer-Verlag},
 series = {VECPAR'02},
 title = {The Cactus Framework and Toolkit: Design and Applications},
 url = {http://dl.acm.org/citation.cfm?id=1766851.1766868},
 year = {2003}
}

@misc{Groth2013W3C,
 author = {Groth, P. and Moreau, L.},
 date = {2013},
 title = {W3C PROV - An Overview of the PROV Family of Documents},
 url = {https://www.w3.org/TR/prov-overview/},
 year = {2013}
}

@inproceedings{Gu1995Falcon:,
 author = {Gu, Weiming and Eisenhauer, G. and Kraemer, E. and Schwan, K. and Stasko, J. and Vetter, J. and Mallavarupu, N.},
 doi = {10.1109/FMPC.1995.380483},
 booktitle = {Fifth Symposium on the Frontiers of Massively Parallel Computation, 1995. Proceedings. Frontiers '95},
 journal = {Fifth Symposium on the Frontiers of Massively Parallel Computation, 1995. Proceedings. Frontiers '95},
 pages = {422--429},
 title = {Falcon: on-line monitoring and steering of large-scale parallel programs},
 year = {1995}
}

@inproceedings{Gunter2011Online,
 author = {Gunter, D. and Deelman, E. and Samak, T. and Brooks, C.H. and Goode, M. and Juve, G. and Mehta, G. and Moraes, P. and Silva, F. and Swany, M. and Vahi, K.},
 booktitle = {Proceedings of the 7th International Conference on Network and Service Management (CNSM)},    journal = {Proceedings of the 7th International Conference on Network and Service Management (CNSM)},
 month = {10},
 pages = {1--10},
 title = {Online workflow management and performance analysis with Stampede},
 year = {2011}
}

@incollection{Haimes1996Concurrent,
 address = {Amsterdam},
 author = {Haimes, Robert},
 booktitle = {Parallel Computational Fluid Dynamics 1995},
 date = {1996},
 editor = {Ecer, A. and Periaux, J. and Satdfuka, N. and Taylor, S.},
 isbn = {978-0-444-82322-9},
 note = {DOI: 10.1016/B978-044482322-9/50059-1},
 pages = {41--50},
 publisher = {North-Holland},
 title = {Concurrent distributed visualization and solution steering},
 url = {https://www.sciencedirect.com/science/article/pii/B9780444823229500591},
 year = {1996}
}

@inproceedings{Han2014Virtual,
 author = {Han, J. and Haines, R. and Salhli, A. and Brooke, J. M. and D'Amora, B. and Danani, B.},
 doi = {10.1109/ASAP.2014.6868654},
 booktitle = {2014 IEEE 25th International Conference on Application-Specific Systems, Architectures and Processors},    journal = {2014 IEEE 25th International Conference on Application-Specific Systems, Architectures and Processors},
 month = {6},
 organization = {2014 IEEE 25th International Conference on Application-Specific Systems, Architectures and Processors},
 pages = {178--179},
 title = {Virtual science on the move: Interactive access to simulations on supercomputers},
 year = {2014}
}

@article{Han2016Hybrid,
 author = {Han, Junyi and Brooke, John},
 date = {2016-01-01},
 day = {1},
 doi = {10.1016/j.procs.2016.05.341},
 issn = {1877-0509},
 booktitle = {Procedia Computer Science},  
 journal = {Procedia Computer Science},
 month = {1},
 pages = {407--417},
 series = {International Conference on Computational Science 2016, ICCS 2016, 6-8 June 2016, San Diego, California, USA},
 title = {Hybrid Computational Steering for Dynamic Data-driven Application Systems},
 volume = {80},
 year = {2016}
}

@article{Hart1999Consistency,
 author = {Hart, Delbert and Kraemer, Eileen},
 date = {1999},
 booktitle = {International Journal of Parallel and Distributed Systems and Networks},   
 journal = {International Journal of Parallel and Distributed Systems and Networks},
 pages = {171--179},
 title = {Consistency Considerations in the Interactive Steering of Computations},
 volume = {2},
 year = {1999}
}

@inproceedings{Hoefler2015Scientific,
 address = {New York, NY, USA},
 author = {Hoefler, Torsten and Belli, Roberto},
 date = {2015},
 doi = {10.1145/2807591.2807644},
 isbn = {978-1-4503-3723-6},
 booktitle = {International Conference on High Performance Computing, Networking, Storage and Analysis (SC)},
 journal = {International Conference on High Performance Computing, Networking, Storage and Analysis (SC)},
 pages = {73:1--73:12},
 publisher = {ACM},
 series = {SC '15},
 title = {Scientific Benchmarking of Parallel Computing Systems: Twelve Ways to Tell the Masses when Reporting Performance Results},
 url = {http://doi.acm.org/10.1145/2807591.2807644},
 year = {2015}
}

@misc{IDEAS,
 title = {IDEAS productivity},
 url = {https://ideas-productivity.org}
}

@inproceedings{Ikeda2013Logical,
 address = {Finland},
 author = {Ikeda, R. and Das Sarma, Akash and Widom, J.},
 doi = {10.1109/ICDE.2013.6544882},
 isbn = {978-1-4673-4910-9},
 booktitle = {ICDE},    journal = {ICDE},
 pages = {877--888},
 title = {Logical provenance in data-oriented workflows},
 url = {http://ieeexplore.ieee.org/lpdocs/epic03/wrapper.htm?arnumber=6544882},
 year = {2013}
}

@inproceedings{Ingram2010Dimstiller:,
 author = {Ingram, Stephen and Munzner, Tamara and Irvine, Veronika and Tory, Melanie and Bergner, Steven and Moller, Torsten},
 date = {2010},
 booktitle = {IEEE Symposium on Visual Analytics Science and Technology (VAST)},  
 journal = {IEEE Symposium on Visual Analytics Science and Technology (VAST)},
 pages = {3--10},
 publisher = {IEEE},
 title = {Dimstiller: Workflows for dimensional analysis and reduction},
 year = {2010}
}

@inproceedings{Jablonowski1993VASE:,
 author = {Jablonowski, D. J. and Bruner, J. D. and Bliss, B. and Haber, R. B.},
 date = {1993-11},
 doi = {10.1109/SUPERC.1993.1263505},
 booktitle = {{ACM}/{IEEE} International Conference for High Performance Computing, Networking, Storage, and Analysis ({SC})},   
 journal = {{ACM}/{IEEE} International Conference for High Performance Computing, Networking, Storage, and Analysis ({SC})},
 month = {11},
 organization = {Supercomputing '93. Proceedings},
 pages = {560--569},
 title = {VASE: The visualization and application steering environment},
 year = {1993}
}

@article{Jacob2009Montage:,
 author = {Jacob, Joseph C. and Katz, Daniel S. and Berriman, G. Bruce and Good, John C. and Laity, Anastasia C. and Deelman, Ewa and Kesselman, Carl and Singh, Gurmeet and Su, Mei-Hui and Prince, Thomas A. and Williams, Roy},
 date = {2009},
 booktitle = {International Journal of Computational Science and Engineering (IJCSE)}, 
 journal = {International Journal of Computational Science and Engineering (IJCSE)},
 number = {2},
 pages = {73--87},
 title = {Montage: a grid portal and software toolkit for science-grade astronomical image mosaicking},
 volume = {4},
 year = {2009}
}

@article{Jagadish2014Big,
 author = {Jagadish, H. V. and Gehrke, Johannes and Labrinidis, Alexandros and Papakonstantinou, Yannis and Patel, Jignesh M. and Ramakrishnan, Raghu and Shahabi, Cyrus},
 date = {2014},
 doi = {10.1145/2611567},
 issn = {00010782},
 booktitle = {Communications of the {ACM}},
 journal = {Communications of the {ACM}},
 language = {en},
 number = {7},
 pages = {86--94},
 title = {Big data and its technical challenges},
 volume = {57},
 year = {2014}
}

@article{Jain2015FireWorks:,
 author = {Jain, Anubhav and Ong, Shyue Ping and Chen, Wei and Medasani, Bharat and Qu, Xiaohui and Kocher, Michael and Brafman, Miriam and Petretto, Guido and Rignanese, Gian-Marco and Hautier, Geoffroy and Gunter, Daniel and Persson, Kristin A.},
 date = {2015},
 doi = {10.1002/cpe.3505},
 issn = {1532-0634},
 booktitle = {Concurrency and Computation: Practice \& Experience},    journal = {Concurrency and Computation: Practice \& Experience},
 number = {17},
 pages = {5037--5059},
 title = {FireWorks: a dynamic workflow system designed for high-throughput applications},
 volume = {27},
 year = {2015}
}

@inproceedings{Jin2013Using,
 author = {Jin, Tong and Zhang, Fan and Sun, Qian and Bui, Hoang and Parashar, Manish and Yu, Hongfeng and Klasky, Scott and Podhorszki, Norbert and Abbasi, Hasan},
 date = {2013},
 booktitle = {International Conference on High Performance Computing, Networking, Storage and Analysis (SC)},    journal = {International Conference on High Performance Computing, Networking, Storage and Analysis (SC)},
 pages = {1--12},
 publisher = {ACM},
 title = {Using cross-layer adaptations for dynamic data management in large scale coupled scientific workflows},
 year = {2013}
}

@misc{Jordan2018Artificial,
 author = {Jordan, Michael},
 year = {2018},
 day = {19},
 booktitle = {Medium},    journal = {Medium},
 month = {4},
 title = {Artificial Intelligence -- The Revolution Hasn't Happened Yet},
 url = {https://medium.com/@mijordan3/artificial-intelligence-the-revolution-hasnt-happened-yet-5e1d5812e1e7},
 year = {2018}
}

@article{Juve2013Characterizing,
 author = {Juve, Gideon and Chervenak, Ann and Deelman, Ewa and Bharathi, Shishir and Mehta, Gaurang and Vahi, Karan},
 date = {2013-03},
 doi = {10.1016/j.future.2012.08.015},
 issn = {0167739X},
 booktitle = {Future Generation Computer Systems},
 journal = {Future Generation Computer Systems},
 language = {en},
 month = {3},
 number = {3},
 pages = {682--692},
 title = {Characterizing and profiling scientific workflows},
 volume = {29},
 year = {2013}
}

@article{Kirk2006libMesh,
 author = {Kirk, Benjamin S. and Peterson, John W. and Stogner, Roy H. and Carey, Graham F.},
 doi = {10.1007/s00366-006-0049-3},
 issn = {0177-0667, 1435-5663},
 booktitle = {Engineering with Computers},    journal = {Engineering with Computers},
 language = {en},
 month = {12},
 number = {3-4},
 pages = {237--254},
 title = {libMesh : a C++ library for parallel adaptive mesh refinement/coarsening simulations},
 volume = {22},
 year = {2006}
}

@article{Knezevic2011Interactive,
 author = {Knezevic, Jovana and Frisch, Jerome and Mundani, Ralf-Peter and Rank, Ernst},
 date = {2011},
 booktitle = {Journal of Computer Science},    journal = {Journal of Computer Science},
 number = {5},
 pages = {591},
 title = {Interactive computing framework for engineering applications},
 volume = {7},
 year = {2011}
}

@article{Kohl2006Cumulvs:,
 author = {Kohl, James A. and Wilde, Torsten and Bernholdt, David E.},
 date = {2006-05-01},
 day = {1},
 doi = {10.1177/1094342006064502},
 issn = {1094-3420},
 booktitle = {The International Journal of High Performance Computing Applications},    journal = {The International Journal of High Performance Computing Applications},
 language = {en},
 month = {5},
 number = {2},
 pages = {255--285},
 title = {Cumulvs: Interacting with High-Performance Scientific Simulations, for                 Visualization, Steering and Fault Tolerance},
 volume = {20},
 year = {2006}
}

@inproceedings{Kress2016Visualization,
 address = {Piscataway, NJ, USA},
 author = {Kress, James and Pugmire, David and Klasky, Scott and Childs, Hank},
 doi = {10.1109/ISAV.2016.14},
 isbn = {978-1-5090-3872-5},
 booktitle = {Proceedings of the 2Nd Workshop on In Situ Infrastructures for Enabling Extreme-scale Analysis and Visualization},    journal = {Proceedings of the 2Nd Workshop on In Situ Infrastructures for Enabling Extreme-scale Analysis and Visualization},
 pages = {45--50},
 publisher = {IEEE Press},
 series = {ISAV '16},
 title = {Visualization and Analysis Requirements for in Situ Processing for a Large-scale Fusion Simulation Code},
 url = {https://doi.org/10.1109/ISAV.2016.14},
 year = {2016}
}

@inproceedings{Liere1996Computational,
 author = {Liere, van Robert and Mulder, Jurriaan D. and Wijk, van Jarke J.},
 day = {15},
 doi = {10.1007/3-540-61142-8\_616},
 isbn = {978-3-540-61142-4},
 booktitle = {High-Performance Computing and Networking},    journal = {High-Performance Computing and Networking},
 language = {en},
 month = {4},
 organization = {International Conference on High-Performance Computing and Networking},
 pages = {696--702},
 publisher = {Springer, Berlin, Heidelberg},
 series = {Lecture Notes in Computer Science},
 title = {Computational steering},
 url = {https://link.springer.com/chapter/10.1007/3-540-61142-8\_616},
 year = {1996}
}

@article{Liere1997Computational,
 author = {van Liere, Robert and D. Mulder, Jurriaan and van Wijk, Jarke J.},
 date = {1997},
 doi = {10.1016/S0167-739X(96)00029-5},
 issn = {0167-739X},
 booktitle = {Future Generation Computer Systems},    journal = {Future Generation Computer Systems},
 number = {5},
 pages = {441--450},
 title = {Computational steering},
 volume = {12},
 year = {1997}
}

@article{Lima2010Adaptive,
 author = {Lima, Alexandre and Mattoso, Marta and Valduriez, Patrick},
 date = {2010},
 booktitle = {Journal of Information and Data Management},    journal = {Journal of Information and Data Management},
 number = {1},
 pages = {75--88},
 title = {Adaptive Virtual Partitioning for OLAP Query Processing in a Database Cluster},
 volume = {1},
 year = {2010}
}

@inproceedings{Liu2014Workflow-based,
 address = {New York, NY, USA},
 author = {Liu, Juan and Wilson, Aaron and Gunning, David},
 date = {2014},
 doi = {10.1145/2609876.2609888},
 isbn = {978-1-4503-2938-5},
 booktitle = {Proceedings of the 2014 Workshop on Human Centered Big Data Research},    journal = {Proceedings of the 2014 Workshop on Human Centered Big Data Research},
 pages = {49:49--49:52},
 publisher = {ACM},
 series = {HCBDR '14},
 title = {Workflow-based Human-in-the-Loop Data Analytics},
 url = {http://doi.acm.org/10.1145/2609876.2609888},
 year = {2014}
}

@inproceedings{Lofstead2008Flexible,
 address = {New York, NY, USA},
 author = {Lofstead, Jay F. and Klasky, Scott and Schwan, Karsten and Podhorszki, Norbert and Jin, Chen},
 date = {2008},
 doi = {10.1145/1383529.1383533},
 isbn = {978-1-60558-156-9},
 booktitle = {Proceedings of the 6th International Workshop on Challenges of Large Applications in Distributed Environments (CLADE '08)},    journal = {Proceedings of the 6th International Workshop on Challenges of Large Applications in Distributed Environments (CLADE '08)},
 language = {en},
 pages = {15--24},
 publisher = {ACM Press},
 title = {Flexible IO and integration for scientific codes through the adaptable IO system (ADIOS)},
 url = {http://portal.acm.org/citation.cfm?doid=1383529.1383533},
 year = {2008}
}

@article{Ma2007In-situ,
 author = {Ma, Kwan-Liu and Wang, Chaoli and Yu, Hongfeng and Tikhonova, Anna},
 date = {2007},
 doi = {10.1088/1742-6596/78/1/012043},
 issn = {1742-6596},
 booktitle = {Journal of Physics: Conference Series},    journal = {Journal of Physics: Conference Series},
 language = {en},
 number = {1},
 pages = {012043},
 title = {In-situ processing and visualization for ultrascale simulations},
 volume = {78},
 year = {2007}
}

@article{Mann2001DISCOVER:,
 author = {Mann, Vijay and Matossian, Vincent and Muralidhar, Rajeev and Parashar, Manish},
 date = {2001},
 booktitle = {Concurrency and Computation: Practice and Experience},    journal = {Concurrency and Computation: Practice and Experience},
 number = {8-9},
 pages = {737--754},
 title = {DISCOVER: An environment for Web-based interaction and steering of high-performance scientific applications},
 volume = {13},
 year = {2001}
}

@inproceedings{Marshall1990Visualization,
 address = {New York, NY, USA},
 author = {Marshall, Robert and Kempf, Jill and Dyer, Scott and Yen, Chieh-Cheng},
 date = {1990},
 doi = {10.1145/91385.91424},
 isbn = {978-0-89791-351-5},
 booktitle = {Proceedings of the 1990 Symposium on Interactive 3D Graphics},    journal = {Proceedings of the 1990 Symposium on Interactive 3D Graphics},
 pages = {89--97},
 publisher = {ACM},
 series = {I3D '90},
 title = {Visualization Methods and Simulation Steering for a 3D Turbulence Model of Lake Erie},
 url = {http://doi.acm.org/10.1145/91385.91424},
 year = {1990}
}

@book{Matkovic2011Adaptive,
 author = {Matkovic, K. and Gracanin, D. and Jelovic, M. and Cao, Y.},
 date = {2011},
 isbn = {978-3-905673-82-1},
 note = {DOI: http://dx.doi.org/10.2312/PE/EuroVAST/EuroVA11/045-048},
 publisher = {The Eurographics Association},
 title = {Adaptive Interactive Multi-Resolution Computational Steering for Complex Engineering Systems},
 url = {https://diglib.eg.org:443/handle/10.2312/PE.EuroVAST.EuroVA11.045-048},
 year = {2011}
}

@article{Matkovic2014Visual,
 author = {Matkovic, Kresimir and Gracanin, Denis and Splechtna, Rainer and Jelovic, Mario and Stehno, Benedikt and Hauser, Helwig and Purgathofer, Werner},
 date = {2014},
 booktitle = {IEEE transactions on visualization and computer graphics},    journal = {IEEE transactions on visualization and computer graphics},
 number = {12},
 pages = {1803--1812},
 title = {Visual analytics for complex engineering systems: Hybrid visual steering of simulation ensembles},
 volume = {20},
 year = {2014}
}

@inproceedings{Mattoso2013User-steering,
 address = {New York, NY, USA},
 author = {Mattoso, Marta and Ocana, Kary and Horta, Felipe and Dias, Jonas and Ogasawara, Eduardo and Silva, Vitor and de Oliveira, Daniel and Costa, Flavio and Araujo, Igor},
 date = {2013},
 doi = {10.1145/2499896.2499900},
 isbn = {978-1-4503-2349-9},
 booktitle = {Proceedings of the 2nd ACM SIGMOD Workshop on Scalable Workflow Execution Engines and Technologies (SWEET)},    journal = {Proceedings of the 2nd ACM SIGMOD Workshop on Scalable Workflow Execution Engines and Technologies (SWEET)},
 pages = {1--6},
 publisher = {ACM Press},
 title = {User-steering of HPC workflows: state-of-the-art and future directions},
 url = {http://dl.acm.org/citation.cfm?doid=2499896.2499900},
 year = {2013}
}

@inproceedings{McCormick1987Visualization,
 author = {McCormick, B and Defanti, T and Brown, M},
 date = {1987},
 booktitle = {Computer Graphics (SIGGRAPH)},    journal = {Computer Graphics (SIGGRAPH)},
 note = {DOI: 10.1016/S0065-2458(08)60168-0},
 pages = {103--111},
 title = {Visualization in Scientific Computing},
 url = {http://www.sciencedirect.com/science/article/pii/S0065245808601680},
 year = {1987}
}

@article{Meignan2015Review,
 author = {Meignan, David and Knust, Sigrid and Frayret, Jean-Marc and Pesant, Gilles and Gaud, Nicolas},
 date = {2015-09},
 doi = {10.1145/2808234},
 issn = {2160-6455},
 booktitle = {ACM Trans. Interact. Intell. Syst.},    journal = {ACM Trans. Interact. Intell. Syst.},
 month = {9},
 number = {3},
 pages = {17:1-17:43},
 title = {A Review and Taxonomy of Interactive Optimization Methods in Operations Research},
 volume = {5},
 year = {2015}
}

@misc{Moreau2013PROV-DM:,
 author = {Moreau, Luc and Missier, Paolo},
 date = {2013},
 title = {PROV-DM: The PROV Data Model},
 url = {http://www.w3.org/TR/2013/REC-prov-dm-20130430/},
 year = {2013}
}

@article{Moreau2018Templating,
 author = {Moreau, Luc and Batlajery, Belfrit Victor and Huynh, Trung Dong and Michaelides, Danius and Packer, Heather},
 date = {2018-02-01},
 day = {1},
 doi = {10.1109/TSE.2017.2659745},
 issn = {0098-5589, 1939-3520},
 booktitle = {IEEE Transactions on Software Engineering},    journal = {IEEE Transactions on Software Engineering},
 month = {2},
 number = {2},
 pages = {103--121},
 title = {A Templating System to Generate Provenance},
 volume = {44},
 year = {2018}
}

@article{Mortier2014Human-Data,
 author = {Mortier, Richard and Haddadi, Hamed and Henderson, Tristan and McAuley, Derek and Crowcroft, Jon},
 date = {2014-10-06},
 day = {6},
 booktitle = {arXiv:1412.6159 [cs]},    journal = {arXiv:1412.6159 [cs]},
 month = {10},
 note = {arXiv: 1412.6159},
 title = {Human-Data Interaction: The Human Face of the Data-Driven Society},
 url = {http://arxiv.org/abs/1412.6159},
 year = {2014}
}

@article{MulderSurvey,
 author = {Mulder, Jurriaan D. and van Wijk, Jarke J. and van Liere, Robert},
 doi = {10.1016/S0167-739X(98)00047-8},
 issn = {0167-739X},
 booktitle = {Future Generation Computer Systems},    journal = {Future Generation Computer Systems},
 number = {1},
 pages = {119--129},
 title = {A Survey of Computational Steering Environments},
 volume = {15},
 year = {1999}
}

@inproceedings{Murta2014noWorkflow:,
 author = {Murta, Leonardo and Braganholo, Vanessa and Chirigati, Fernando and Koop, David and Freire, Juliana},
 date = {2014},
 booktitle = {International Provenance and Annotation Workshop (IPAW)}, 
 journal = {International Provenance and Annotation Workshop (IPAW)},
 organization = {International Provenance and Annotation Workshop (IPAW)},
 pages = {1--12},
 title = {noWorkflow: Capturing and Analyzing Provenance of Scripts},
 year = {2014}
}

@article{Netto2018HPC,
 author = {Netto, Marco A. S. and Calheiros, Rodrigo N. and Rodrigues, Eduardo R. and Cunha, Renato L. F. and Buyya, Rajkumar},
 date = {2018-01},
 doi = {10.1145/3150224},
 issn = {0360-0300},
 booktitle = {{ACM} Computing Surveys ({CSUR})},
 journal = {{ACM} Computing Surveys ({CSUR})},
 month = {1},
 number = {1},
 pages = {8:1-8:29},
 title = {HPC Cloud for Scientific and Business Applications: Taxonomy, Vision, and Research Challenges},
 volume = {51},
 year = {2018}
}

@inproceedings{Nguyen2012WorkWays:,
 author = {Nguyen, Hoang and Abramson, D.},
 date = {2012},
 doi = {10.1109/eScience.2012.6404428},
 booktitle = {e-Science},    journal = {e-Science},
 organization = {e-Science},
 pages = {1--8},
 title = {WorkWays: interactive workflow-based science gateways},
 year = {2012}
}

@inproceedings{Nguyen2014WorkWays:,
 address = {Piscataway, NJ, USA},
 author = {Nguyen, Hoang Anh and Abramson, David and Kiporous, Timoleon and Janke, Andrew and Galloway, Graham},
 date = {2014},
 doi = {10.1109/GCE.2014.6},
 isbn = {978-1-4799-7030-8},
 booktitle = {Gateway Computing Environments Workshop},    journal = {Gateway Computing Environments Workshop},
 pages = {21--24},
 publisher = {IEEE Press},
 series = {GCE '14},
 title = {WorkWays: interacting with scientific workflows},
 url = {http://dx.doi.org/10.1109/GCE.2014.6},
 year = {2014}
}

@article{Nguyen2015WorkWays:,
 author = {Nguyen, Hoang Anh and Abramson, David and Kipouros, Timoleon and Janke, Andrew and Galloway, Graham},
 date = {2015-11},
 doi = {10.1002/cpe.3525},
 issn = {15320626},
 booktitle = {Concurrency and Computation: Practice and Experience},
 journal = {Concurrency and Computation: Practice and Experience},
 language = {en},
 month = {11},
 number = {16},
 pages = {4377--4397},
 title = {WorkWays: interacting with scientific workflows},
 volume = {27},
 year = {2015}
}

@inproceedings{Ocana2011SciPhy:,
 author = {Ocana, Kary A. C. S. and Oliveira, de Daniel and Ogasawara, Eduardo and Davila, Alberto M. R. and Lima, Alexandre A. B. and Mattoso, Marta},
 isbn = {978-3-642-22824-7},
 booktitle={Brazilian Symposium on Bioinformatics},
 pages = {66--70},
 publisher = {Springer},
 series = {Lecture Notes in Computer Science},
 title = {SciPhy: A Cloud-Based Workflow for Phylogenetic Analysis of Drug Targets in Protozoan Genomes},
 url = {https://doi.org/10.1007/978-3-642-22825-4_9},
 year = {2011},
}


@article{Ogasawara2011algebraic,
 author = {Ogasawara, Eduardo and Dias, Jonas and Oliveira, Daniel and Porto, Fabio and Valduriez, Patrick and Mattoso, Marta},
 date = {2011},
 issn = {2150-8097},
 booktitle = {Proceedings of the VLDB Endowment},
 journal = {Proceedings of the VLDB Endowment},
 number = {12},
 pages = {1328--1339},
 title = {An algebraic approach for data-centric scientific workflows},
 volume = {4},
 year = {2011}
}

@inproceedings{Oliveira2010SciCumulus:,
 address = {Washington, DC, USA},
 author = {Oliveira, Daniel and Ogasawara, Eduardo and Baiao, Fernanda and Mattoso, Marta},
 date = {2010},
 doi = {10.1109/CLOUD.2010.64},
 isbn = {978-0-7695-4130-3},
 booktitle = {International Conference on Cloud Computing},    journal = {International Conference on Cloud Computing},
 organization = {International Conference on Cloud Computing},
 pages = {378--385},
 series = {CLOUD '10},
 title = {SciCumulus: A Lightweight Cloud Middleware to Explore Many Task Computing Paradigm in Scientific Workflows},
 url = {http://dx.doi.org/10.1109/CLOUD.2010.64},
 year = {2010}
}

@techreport{Oracle2015MySQL,
 author = {Oracle},
 date = {2015},
 publisher = {Oracle},
 series = {Getting the most out of your MySQL Cluster Evaluation},
 title = {MySQL Cluster Evaluation Guide},
 year = {2015}
}

@misc{Oracle2018MySQL,
 author = {Oracle},
 date = {2018},
 title = {MySQL Cluster},
 url = {https://www.mysql.com/products/cluster/},
 year = {2018}
}

@book{Ozsu2011Principles,
 address = {New York},
 author = {Ozsu, M. Tamer and Valduriez, P.},
 date = {2011},
 edition = {3},
 publisher = {Springer},
 title = {Principles of Distributed Database Systems},
 year = {2011}
}

@article{Parashar2005Grid,
 author = {Parashar, Manish and Lee, Craig A},
 date = {2005},
 booktitle = {Proceedings of the IEEE, special issue on grid computing},    journal = {Proceedings of the IEEE, special issue on grid computing},
 number = {3},
 pages = {479--484},
 title = {Grid computing: introduction and overview},
 volume = {93},
 year = {2005}
}

@inproceedings{Parker1995SCIRun:,
 address = {San Diego, California, United States},
 author = {Parker, Steven G. and Johnson, Christopher R.},
 date = {1995},
 doi = {10.1145/224170.224354},
 isbn = {0-89791-816-9},
 booktitle = {ACM/IEEE Conference on Supercomputing},    journal = {ACM/IEEE conference on Supercomputing},
 pages = {52--71},
 publisher = {ACM},
 title = {SCIRun: a scientific programming environment for computational steering},
 url = {http://portal.acm.org/citation.cfm?id=224170.224354},
 year = {1995}
}

@article{Pickles2005practical,
 author = {Pickles, S. M. and Haines, R. and Pinning, R. L. and Porter, A. R.},
 date = {2005-08-15},
 day = {15},
 doi = {10.1098/rsta.2005.1611},
 issn = {1364-503X},
 booktitle = {Philosophical Transactions. Series A, Mathematical, Physical, and Engineering Sciences},
 journal = {Philosophical Transactions. Series A, Mathematical, Physical, and Engineering Sciences},
 language = {eng},
 month = {8},
 note = {PMID: 16099752},
 number = {1833},
 pages = {1843--1853},
 title = {A practical toolkit for computational steering},
 volume = {363},
 year = {2005}
}

@article{Pimentel2017noWorkflow:,
 author = {Pimentel, Joao Felipe and Murta, Leonardo and Braganholo, Vanessa and Freire, Juliana},
 date = {2017-08-01},
 day = {1},
 doi = {10.14778/3137765.3137789},
 issn = {21508097},
 booktitle = {Proceedings of the VLDB Endowment},
 journal = {Proceedings of the VLDB Endowment},
 language = {en},
 month = {8},
 number = {12},
 pages = {1841--1844},
 title = {noWorkflow: a tool for collecting, analyzing, and managing provenance from python scripts},
 volume = {10},
 year = {2017}
}

@article{PinaBioSciCumulus:,
 author = {Pina, Debora and Campos, Vinicius and Silva, Vitor and Ocana, Kary and de Oliveira, Daniel and Mattoso, Marta},
 title = {BioSciCumulus: um portal para analise de dados de proveniencia em workflows de biologia computacional}
}

@misc{ProvONE,
 title = {The ProvONE data model for scientific workflow provenance},
 url = {http://vcvcomputing.com/provone/provone.html},
 year = {2019}
}

@inproceedings{Raicu2008Many-task,
  title={Many-task computing for grids and supercomputers},
  author={Raicu, Ioan and Foster, Ian T and Zhao, Yong},
  booktitle={Workshop on Many-task Computing on Grids and Supercomputers (MTAGS)},
  pages={1--11},
  year={2008},
  organization={IEEE}
}

@inproceedings{Rathmayer1997tool,
 author = {Rathmayer, S. and Lenke, M.},
 date = {1997-04},
 doi = {10.1109/IPPS.1997.580882},
 booktitle = {International Parallel Processing Symposium},
 journal = {International Parallel Processing Symposium},
 month = {4},
 organization = {International Parallel Processing Symposium},
 pages = {181--186},
 title = {A tool for on-line visualization and interactive steering of parallel HPC applications},
 year = {1997}
}

@inproceedings{Re2015Machine,
 address = {New York, NY, USA},
 author = {Re, Christopher and Agrawal, Divy and Balazinska, Magdalena and Cafarella, Michael and Jordan, Michael and Kraska, Tim and Ramakrishnan, Raghu},
 date = {2015},
 doi = {10.1145/2723372.2742911},
 isbn = {978-1-4503-2758-9},
 booktitle = {ACM International Conference on Management of Data (SIGMOD)},
 journal = {ACM International Conference on Management of Data (SIGMOD)},
 pages = {283--284},
 publisher = {ACM},
 series = {SIGMOD '15},
 title = {Machine Learning and Databases: The Sound of Things to Come or a Cacophony of Hype?},
 url = {http://doi.acm.org/10.1145/2723372.2742911},
 year = {2015}
}



@inproceedings{Reed1996Next,
 author = {Reed, Daniel A and Elford, Christopher L and Madhyastha, Tara M and Smirni, Evgenia and Lamm, Stephen E},
 date = {1996},
 booktitle = {International Conference on Parallel Processing (ICPP) Workshops},   
 journal = {International Conference on Parallel Processing (ICPP) Workshops},
 pages = {20--31},
 title = {The Next Frontier: Interactive and Closed Loop Performance Steering.},
 year = {1996}
}

@article{Reyes2010Monitoring,
 author = {Reyes, S. and Munoz-Caro, C. and Nino, A. and Sirvent, R. and Badia, R. M.},
 date = {2010-04},
 doi = {10.1016/j.future.2009.12.002},
 issn = {0167-739X},
 booktitle = {Future Generation Computer Systems},
 journal = {Future Generation Computer Systems},
 month = {4},
 number = {4},
 pages = {645--653},
 title = {Monitoring and Steering Grid Applications with GRID Superscalar},
 volume = {26},
 year = {2010}
}

@inproceedings{Ribler1998Autopilot:,
 author = {Ribler, Randy L and Vetter, Jeffrey S and Simitci, Huseyin and Reed, Daniel A},
 date = {1998},
 booktitle = {International Symposium on High Performance Distributed Computing},
 journal = {International Symposium on High Performance Distributed Computing},
 pages = {172--179},
 publisher = {IEEE},
 title = {Autopilot: Adaptive control of distributed applications},
 year = {1998}
}

@article{Rude2016Research,
	title = {Research and Education in Computational Science and Engineering},
	volume = {60},
	issn = {0036-1445},
	url = {https://epubs.siam.org/doi/10.1137/16M1096840},
	doi = {10.1137/16M1096840},
	pages = {707--754},
	number = {3},
	journal = {{SIAM} Review},
	shortjournal = {{SIAM} Rev.},
	author = {Rüde, Ulrich. and Willcox, Karen. and {McInnes}, Lois Curfman. and Sterck, Hans De.},
	year = {2018}
}

@inproceedings{Santos2013Runtime,
 address = {Dresden, Germany},
 author = {Santos, Igor and Dias, Jonas and Oliveira, Daniel and Ogasawara, Eduardo and Ocana, Kary and Mattoso, Marta},
 date = {2013},
 booktitle = {IEEE/ACM International Workshop on Clouds and eScience Applications Management (CloudAM)},
 journal = {IEEE/ACM International Workshop on Clouds and eScience Applications Management (CloudAM)},
 pages = {417--422},
 title = {Runtime Dynamic Structural Changes of Scientific Workflows in Clouds},
 year = {2013}
}

@inproceedings{Senger2006Hierarchical,
 author = {Senger, H. and Silva, F.A.B. and Nascimento, W.M.},
 date = {2006-05},
 doi = {10.1109/CCGRID.2006.1630942},
 booktitle = {IEEE International Symposium on Cluster Computing and the Grid (CCGRID)},
 journal = {IEEE International Symposium on Cluster Computing and the Grid (CCGRID)},
  pages = {8--51},
 title = {Hierarchical scheduling of independent tasks with shared files},
 volume = {2},
 year = {2006}
}

@article{Shu2006WBCSim:,
 author = {Shu, J. and Watson, L. T. and Zombori, B. G. and Kamke, F. A.},
 date = {2006-06},
 doi = {10.1007/s00366-006-0010-5},
 issn = {0177-0667},
 booktitle = {Eng. with Comput.},
 journal = {Eng. with Comput.},
 month = {6},
 number = {4},
 pages = {259--271},
 title = {WBCSim: An Environment for Modeling Wood-based Composites Manufacture},
 volume = {21},
 year = {2006}
}

@article{Shu2011Computational,
 author = {Shu, Jiang and Watson, Layne T. and Ramakrishnan, Naren and Kamke, Frederick A. and Deshpande, Shubhangi},
 date = {2011-10-11},
 day = {11},
 doi = {10.1108/02644401111165121},
 issn = {0264-4401},
 booktitle = {Engineering Computations},    journal = {Engineering Computations},
 month = {10},
 number = {7},
 pages = {888--911},
 title = {Computational steering in the problem solving environment WBCSim},
 volume = {28},
 year = {2011}
}

@incollection{Silva2003Trading,
 author = {Silva, da Daniel Paranhos and Cirne, Walfredo and Brasileiro, Francisco Vilar},
 booktitle = {European Conference on Parallel and Distributed Computing (Euro-Par)},
 journal = {European Conference on Parallel and Distributed Computing (Euro-Par)},
 date = {2003},
 editor = {Kosch, Harald and Boszormenyi, Laszlo and Hellwagner, Hermann},
 isbn = {978-3-540-40788-1},
 language = {en},
 pages = {169--180},
 publisher = {Springer Berlin Heidelberg},
 series = {Lecture Notes in Computer Science},
 title = {Trading Cycles for Information: Using Replication to Schedule Bag-of-Tasks Applications on Computational Grids},
 url = {http://link.springer.com/chapter/10.1007/978-3-540-45209-6\_26},
 year = {2003}
}

@inproceedings{Silva2010Scalability,
 address = {Atlanta, GA, USA},
 author = {da Silva, Fabricio A. B. and Senger, Hermes},
 date = {2010},
 organization = {EEE International Symposium on Parallel \& Distributed Processing, Workshops and PhD Forum (IPDPSW)},
 title = {Scalability analysis of embarassingly parallel applications on large clusters},
 year = {2010}
}

@article{Silva2015Analyzing,
 author = {Silva, Vitor and de Oliveira, Daniel and Valduriez, Patrick and Mattoso, Marta},
 date = {2015},
 doi = {10.1002/cpe.3616},
 issn = {15320626},
 booktitle = {Concurrency and Computation: Practice and Experience},    journal = {Concurrency and Computation: Practice and Experience},
 language = {en},
 pages = {n/a--n/a},
 title = {Analyzing related raw data files through dataflows},
 year = {2015}
}


@article{Silva2017Raw,
 author = {Silva, Vitor and Leite, Jose and Camata, Jose J. and de Oliveira, Daniel and Coutinho, Alvaro L.G.A. and Valduriez, Patrick and Mattoso, Marta},
 date = {2017-10},
 doi = {10.1016/j.future.2017.01.016},
 issn = {0167739X},
 booktitle = {Future Generation Computer Systems}, 
 journal = {Future Generation Computer Systems},
 language = {en},
 month = {10},
 pages = {402--422},
 title = {Raw data queries during data-intensive parallel workflow execution},
 volume = {75},
 year = {2017}
}


@article{Silva2018JobPruner:,
 author = {Silva, Bruno and Netto, Marco A. S. and Cunha, Renato L. F.},
 date = {2018-06-01},
 day = {1},
 doi = {10.1016/j.future.2018.02.002},
 issn = {0167-739X},
 booktitle = {Future Generation Computer Systems}, 
 journal = {Future Generation Computer Systems},
 month = {6},
 pages = {144--157},
 title = {JobPruner: A machine learning assistant for exploring parameter spaces in HPC applications},
 volume = {83},
 year = {2018}
}


@inproceedings{Stamatogiannakis2016Trade-Offs,
 address = {Berlin, Heidelberg},
 author = {Stamatogiannakis, Manolis and Kazmi, Hasanat and Sharif, Hashim and Vermeulen, Remco and Gehani, Ashish and Bos, Herbert and Groth, Paul},
 date = {2016},
 doi = {10.1007/978-3-319-40593-3\_3},
 isbn = {978-3-319-40592-6},
 booktitle = {International Provenance and Annotation Workshop (IPAW)},
 journal = {International Provenance and Annotation Workshop (IPAW)},
 pages = {29--41},
 publisher = {Springer-Verlag},
 series = {IPAW 2016},
 title = {Trade-Offs in Automatic Provenance Capture},
 url = {https://doi.org/10.1007/978-3-319-40593-3\_3},
 year = {2016}
}

@article{Swift2015Live,
 author = {Swift, Ben and Sorensen, Andrew and Gardner, Henry and Davis, Peter and Decyk, Viktor},
 date = {2015-03},
 doi = {10.14529/jsfi150401},
 issn = {2409-6008},
 booktitle = {Supercomputing Frontiers and Innovations: an International Journal},    journal = {Supercomputing Frontiers and Innovations: an International Journal},
 month = {3},
 number = {4},
 pages = {4--15},
 title = {Live Programming in scientific simulation},
 volume = {2},
 year = {2015}
}

@inproceedings{Terraz2017Melissa:,
 author = {Terraz, Theophile and Ribes, Alejandro and Fournier, Yvan and Iooss, Bertrand and Raffin, Bruno},
 date = {2017},
 booktitle = {International Conference on High Performance Computing, Networking, Storage and Analysis (SC)},  
  journal = {International Conference on High Performance Computing, Networking, Storage and Analysis (SC)},
 pages = {61},
 publisher = {ACM},
 title = {Melissa: large scale in transit sensitivity analysis avoiding intermediate files},
 year = {2017}
}

@article{VanLiere1997Computational,
 author = {Van Liere, Robert and D. Mulder, Jurriaan and van Wijk, Jarke J.},
 date = {1997},
 doi = {10.1016/S0167-739X(96)00029-5},
 issn = {0167-739X},
 booktitle = {Future Generation Computer Systems}, 
 journal = {Future Generation Computer Systems},
 number = {5},
 pages = {441--450},
 title = {Computational steering},
 volume = {12},
 year = {1997}
}

@article{Vetter1999Techniques,
 author = {Vetter, J. and Schwan, K.},
 date = {1999-10},
 doi = {10.1109/4434.806980},
 issn = {1092-3063},
 booktitle = {IEEE Concurrency},    journal = {IEEE Concurrency},
 month = {10},
 number = {4},
 pages = {63--74},
 title = {Techniques for high-performance computational steering},
 volume = {7},
 year = {1999}
}

@misc{Vistrails2014VisTrails,
 author = {Vistrails},
 date = {2014},
 booktitle = {VisTrails},  
 journal = {VisTrails},
 language = {English},
 title = {VisTrails},
 url = {http://www.vistrails.org/},
 year = {2014}
}

@inproceedings{Wang2006gridMonSteer:,
 author = {Wang, Ian and Taylor, Ian and Goodale, Tom and Harrison, Andrew and Shields, Matthew},
 date = {2006},
 booktitle = {e-Science  All Hands Meeting},  
 journal = {e-Science  All Hands Meeting},
 language = {en},
 organization = {e-Science  All Hands Meeting},
 title = {gridMonSteer: Generic Architecture for Monitoring and Steering Legacy Applications in Grid Environments},
 url = {https://www.researchgate.net/publication/237325712\_gridMonSteer\_Generic\_Architecture\_for\_Monitoring\_and\_Steering\_Legacy\_Applications\_in\_Grid\_Environments},
 year = {2006}
}

@techreport{Wijk1994Environment,
 address = {Amsterdam, The Netherlands, The Netherlands},
 author = {Wijk, Jarke J. and Liere, Robert},
 date = {1994},
 institution = {CWI (Centre for Mathematics and Computer Science)},
 title = {An Environment for Computational Steering},
 year = {1994}
}

@inproceedings{Wood2003gViz,
 author = {Wood, Jason and Brodlie, Ken and Walton, Jeremy},
 date = {2003},
 booktitle = {e-Science All Hands Meeting},    journal = {Proc. e-Science All Hands Meeting},
 publisher = {Citeseer},
 title = {gViz-Visualization and Steering for the Grid},
 year = {2003}
}

@inproceedings{Wozniak2013Swift/T:,
 author = {Wozniak, Justin M. and Armstrong, Timothy G. and Wilde, Michael and Katz, Daniel S. and Lusk, Ewing and Foster, Ian T.},
 date = {2013},
 doi = {10.1109/CCGrid.2013.99},
 isbn = {978-0-7695-4996-5},
 booktitle = {IEEE/ACM International Symposium on Cluster, Cloud and Grid Computing (CCGrid)},
 note = {00008},
 pages = {95--102},
 publisher = {IEEE},
 title = {Swift/T: Large-Scale Application Composition via Distributed-Memory Dataflow Processing},
 url = {http://ieeexplore.ieee.org/lpdocs/epic03/wrapper.htm?arnumber=6546066},
 year = {2013}
}

@techreport{Xian2008Computational,
 author = {Xian, Feng},
 title = {Computational Steering Systems in Grid Computing Environments},
 institution = {University of Nebraska Lincoln},
 url = {http://citeseerx.ist.psu.edu/viewdoc/citations;jsessionid=D76C4340E38BA71A314970699B115114?doi=10.1.1.104.4599},
 booktitle = {NI},
 year = {2008}
}

@article{Xin2018Accelerating,
 author = {Xin, Doris and Ma, Litian and Liu, Jialin and Macke, Stephen and Song, Shuchen and Parameswaran, Aditya},
 date = {2018-04-16},
 day = {16},
 booktitle = {Data Management for End-to-end Machine Learning ({DEEM}) Workshop co-located with the ACM Special Interest Group on Management of Data ({SIGMOD})},
 journal = {Data Management for End-to-end Machine Learning ({DEEM}) Workshop co-located with the ACM Special Interest Group on Management of Data ({SIGMOD})},
 title = {Accelerating Human-in-the-loop Machine Learning: Challenges and Opportunities},
 url = {http://arxiv.org/abs/1804.05892},
 year = {2018}
}

@inproceedings{Yi2014In-situ,
 author = {Yi, H. and Rasquin, M. and Fang, J. and Bolotnov, I. A.},
 date = {2014-10},
 doi = {10.1109/BigData.2014.7004275},
 booktitle = {IEEE International Conference on Big Data (Big Data)},    journal = {IEEE International Conference on Big Data (Big Data)},
 month = {10},
 organization = {IEEE International Conference on Big Data (Big Data)},
 pages = {567--572},
 title = {In-situ visualization and computational steering for large-scale simulation of turbulent flows in complex geometries},
 year = {2014}
}

@inproceedings{Zaharia2010Spark:,
 address = {Boston},
 author = {Zaharia, Matei and Chowdhury, Mosharaf and Franklin, Michael J. and Shenker, Scott and Stoica, Ion},
 date = {2010},
 booktitle = {USENIX conference on Hot topics in cloud computing},    journal = {USENIX conference on Hot topics in cloud computing},
 pages = {10--17},
 title = {Spark: cluster computing with working sets},
 year = {2010}
}

@inproceedings{Zhang2017Diagnosing,
 address = {New York, NY, USA},
 author = {Zhang, Zhao and Sparks, Evan R. and Franklin, Michael J.},
 date = {2017},
 doi = {10.1145/3078597.3078603},
 isbn = {978-1-4503-4699-3},
 booktitle = {International Symposium on High-Performance Parallel and Distributed Computing},  
 journal = {International Symposium on High-Performance Parallel and Distributed Computing},
 pages = {143--153},
 publisher = {ACM},
 series = {HPDC '17},
 title = {Diagnosing Machine Learning Pipelines with Fine-grained Lineage},
 url = {http://doi.acm.org/10.1145/3078597.3078603},
 year = {2017}
}









%%%%%%%%%%%%%%%%%%%%%%%%%%%%%%%%%%%%%%%%
%%%%%%%%%%%%%%%%%%%%%%%%%%%%%%%%%%%%%%%%
%%%%%%%%%%%%%%%%%%%%%%%%%%%%%%%%%%%%%%%%
%%%%%%%%%%%%%%%%%%%%%%%%%%%%%%%%%%%%%%%%
%%%%%%%%%%%%%%%%%%%%%%%%%%%%%%%%%%%%%%%%
%%%%%%%%%%%% ADDED MANUALLY
%%%%%%%%%%%%%%%%%%%%%%%%%%%%%%%%%%%%%%%%
%%%%%%%%%%%%%%%%%%%%%%%%%%%%%%%%%%%%%%%%
%%%%%%%%%%%%%%%%%%%%%%%%%%%%%%%%%%%%%%%%

@misc{RealityGrid,
 booktitle = {GitHub},    journal = {GitHub},
 title = {GitHub epository for RealityGrid Computational Steering Tools},
 url = {https://github.com/RealityGrid},
 year = {2019}
}


@misc{DfAdapterGitHubDfAdapter,
 author = {GitHub},
 title = {DfAdapter GitHub Repository},
 url = {https://github.com/hpcdb/DfAdapter},
 year = {2019}
}


@misc{d-ChironGitHub,
 author = {GitHub},
 title = {d-Chiron GitHub Repository},
 url = {http://github.com/hpcdb/d-Chiron},
 year = {2019}
}


@misc{PROV-DfA_GitHub,
	title = {{PROV}-{DfA} {GitHub} Repository},
	url = {https://github.com/hpcdb/PROV-DfA},
	author = {GitHub},
	year = {2019}
}

@misc{libMeshSed_github,
 author = {GitHub},
 title = {libMesh-sedimentation Workflow GitHub Repository},
 url = {https://github.com/hpcdb/workflow-sedimentation},
 year = {2019}
}


@inproceedings{Dias2011Supporting,
 author = {Dias, Jonas and Ogasawara, Eduardo and de Oliveira, Daniel and Porto, Fabio and Coutinho, Alvaro L.G.A. and Mattoso, Marta},
 title = {Supporting Dynamic Parameter Sweep in Adaptive and User-steered Workflow},
 booktitle = {Workflows in Support of Large-Scale Science ({WORKS}) workshop  co-located with the {ACM}/{IEEE} International Conference for High Performance Computing, Networking, Storage, and Analysis ({SC})},
 series = {WORKS '11},
 year = {2011},
 isbn = {978-1-4503-1100-7},
 location = {Seattle, Washington, USA},
 pages = {31--36},
 numpages = {6},
 url = {http://doi.acm.org/10.1145/2110497.2110502},
 doi = {10.1145/2110497.2110502},
 acmid = {2110502},
 publisher = {ACM},
 address = {New York, NY, USA},
 keywords = {adaptive workflow, dynamic workflows, parameter sweep, user steering},
}



@inproceedings{Souza2015Monitoramento,
	location = {Recife, Brazil},
	title = {Monitoramento de Desempenho usando Dados de Proveniência e de Domínio durante a Execução de Aplicações Científicas},
	eventtitle =
	{Workshop em Desempenho de Sistemas Computacionais e de Comunicação (WPerformance)},
	booktitle = {Workshop em Desempenho de Sistemas Computacionais e de Comunicação ({WPerformance})},
	publisher = {Sociedade Brasileira de Computação},
	author = {Souza, Renan and Silva, Vítor and Neves, Leonardo and de Oliveira, Daniel and Mattoso, Marta},
	year = {2015}
}


@article{silva_dfanalyzer:_2018,
	title = {{DfAnalyzer}: runtime dataflow analysis of scientific applications using provenance},
	volume = {11},
	issn = {2150-8097},
	url = {https://doi.org/10.14778/3229863.3236265},
	doi = {10.14778/3229863.3236265},
	shorttitle = {Dfanalyzer},
	pages = {2082--2085},
	number = {12},
	journal = {Proceedings of the VLDB Endowment},
	author = {Silva, Vítor and de Oliveira, Daniel and Valduriez, Patrick and Mattoso, Marta},
	urldate = {2018-09-27},
	year = {2018}
}




@article{pimentel_survey_2019,
	title = {A survey on collecting, managing, and analyzing provenance from scripts},
	volume = {52},
	issn = {0360-0300},
	url = {http://dl.acm.org/citation.cfm?id=3341324.3311955},
	doi = {10.1145/3311955},
	pages = {47},
	number = {3},
	journaltitle = {{ACM} Computing Surveys ({CSUR})},
	author = {Pimentel, João Felipe and Freire, Juliana and Murta, Leonardo and Braganholo, Vanessa},
	year = {2019}
}



@mastersthesis{souza_controlling_2015_thesis,
	location = {Rio de Janeiro},
	title = {Controlling the Parallel Execution of Workflows Relying on a Distributed Database},
	school = {{COPPE/}Federal University of Rio de Janeiro},
	author = {Souza, Renan},
	year = {2015}
}


@book{russell2016artificial,
  title={Artificial intelligence: a modern approach},
  author={Russell, Stuart J and Norvig, Peter},
  year={2016},
  publisher={Malaysia; Pearson Education Limited,}
}



@inproceedings{mattoso_user-steering_2013,
	location = {New York, {NY}, {USA}},
	title = {User-steering of {HPC} workflows: state-of-the-art and future directions},
	isbn = {978-1-4503-2349-9},
	url = {http://dl.acm.org/citation.cfm?doid=2499896.2499900},
	doi = {10.1145/2499896.2499900},
	shorttitle = {User-steering of {HPC} workflows},
	pages = {1--6},
	booktitle = {International Workshop on Scalable Workflow Execution Engines and Technologies ({SWEET}) co-located with the ACM Special Interest Group on Management of Data ({SIGMOD})},
	publisher = {{ACM} Press},
	author = {Mattoso, Marta and Ocaña, Kary and Horta, Felipe and Dias, Jonas and Ogasawara, Eduardo and Silva, Vitor and de Oliveira, Daniel and Costa, Flavio and Araújo, Igor},
	urldate = {2013-12-27},
	year = {2013}
}






@article{PhysRevLett.118.221101,
  title = {GW170104: Observation of a 50-Solar-Mass Binary Black Hole Coalescence at Redshift 0.2},
  author = {Abbott, B. P. and Abbott, R. and Abbott, T. D. and Acernese, F. and Ackley, K. and Adams, C. and Adams, T. and Addesso, P. and Adhikari, R. X. and Adya, V. B. and Affeldt, C. and Afrough, M. and Agarwal, B. and Agathos, M. and Agatsuma, K. and Aggarwal, N. and Aguiar, O. D. and Aiello, L. and Ain, A.},
  journal = {Physical Review Letters},
  volume = {118},
  issue = {22},
  pages = {221101},
  numpages = {17},
  year = {2017},
  publisher = {American Physical Society},
  doi = {10.1103/PhysRevLett.118.221101},
  url = {https://link.aps.org/doi/10.1103/PhysRevLett.118.221101}
}


